@preamble{ "\newcommand{\noopsort}[1]{} 
            \def\nl{\hfil\break}" }

@string { ora = "O'Reilly {\&} Associates" }
@string { addison = "Addison Wesley" }
@string { adobe = "Adobe Systems Incorporated" }

@manual{pk:texdraw,
  author = "Peter Kabal",
  title = "{\TeX draw}: PostScript drawings from {\TeX}",
  edition = "1.4a",
  month = jul,
  year = 1992,
  etext = "CTAN:graphics/texdraw/manual/*"
}

@manual{chicman,
  editor = "John Grossman",
  Title = "The Chicago Manual of Style",
  publisher = "University of Chicago Press",
  year = "1993",
  edition = "fourteenth",
  organization = "University of Chicago"
}

@book{lw:progperl,
  Author = "Larry Wall and Randal L. Schwartz",
  Title = "Programming Perl",
  Publisher = ora,
  Year = 1992,
  isbn = "0-937175-64-1"
}

@book{eu:international,
  Author = "Emmanual Uren and Robert Howard and Tiziana Perinotti",
  title = "Software Internationalization and Localization: An Introduction",
  publisher = "Van Nostrand Reinhold",
  year = 1993,
  isbn = "0-442-01498-8"
}

@book{latexcompanion,
  author = "Michel Goossens and Frank Mittelbach and Alexander Samarin",
  title = "The {\LaTeX} Companion",
  publisher = addison,
  year = 1994,
  isbn = "0-201-54199-8"
}

@Book{eg:dratex,
  author = "Eitan M. Gurari",
  title = "{\TeX} {\&} {\LaTeX}: Drawing and Literate Programming",
  publisher = "McGraw Hill",
  year = 1993,
  isbn = "0-07-911616-7"
}

@Book{kl:japinfoproc,
  author = "Ken Lunde",
  title  = "Understanding Japanese Information Processing",
  address = "Sebastopol, CA",
  publisher = ora,
  year = 1993,
  edition = "first",
  isbn = "1-56592-043-0"
}

@Book{kn:texbook,
  author =  "Donald E. Knuth",
  title = "The {\TeX}book",
  publisher = addison,
  year = 1989,
  edition = "Fifteenth",
  isbn = "0-201-13447-0",
  paperisbn = "0-201-13448-9"
}

@Book{jh:latexforeveryone,
  author = "Jane Hahn",
  title = "{\LaTeX} For Everyone",
  publisher = "Personal {\TeX}, Inc.",
  year = 1991,
  edition = "Second",
  paperisbn = "0-9631044-0-3"
}

@Book{dn:psyeveryday,
  author = "Donald A. Norman",
  title = "The Psychology of Everyday Things",
  publisher = "Basic Books, Inc.",
  year = 1988,
  paperisbn = "0-465-06709-3"
}

@Book{ll:latexbook,
  author = "Leslie Lamport",
  title = "{\rm \LaTeX:} A Document Preparation System",
  publisher = addison,
  year = 1986,
  paperisbn = "0-201-15790-X"
}

@unpublished{ll:makeindex,
  author = "Leslie Lamport",
  title = "MakeIndex: An Index Processor for {\rm\LaTeX}",
  year = 1987,
  month = feb,
  etext = "CTAN:indexing/makeindex/doc/*"
}

@unpublished{dc:colorlatex,
  author = "David Carlisle",
  title = "The implementation of the {\LaTeX} Colour interface",
  year = 1994,
  month = feb
}

@Book{kn:mfbook,
  author = "Donald E. Knuth",
  title  = "{\TheMFbook}",
  publisher = addison,
  year = 1986,
  isbn = "0-201-13445-4"
}

@Book{ms:joyoftex,
  author = "Michel Spivak",
  title = "The Joy of {\TeX}---A Gourmet Guide to Typesetting with the
  {\AMSTeX} Macro Package",
  publisher = addison,
  year = "1986"
}

@Book{or:emacs,
  author = "Debra Cameron and Bill Rosenblatt",
  title  = "Learning GNU Emacs",
  address = "Sebastopol, CA",
  publisher = ora,
  year = "1991",
  isbn = "0-937175-84-6"
}

@Book{gu:numbertheory,
  author = "Richard K. Guy",
  title = "Unsolved Problems in Number Theory",
  publisher = "Springer-Verlag",
  year = 1981,
  isbn = "0-387-90593-6",
  series = "Unsolved Problems in Intuitive Mathematics",
  volume = 1
}

@unpublished{js:comp,
  author = "Joachim Schrod",
  title = "The Components of {\TeX{}}",
  year = 1991,
  month = mar,
  etext = "CTAN:info/components-of-TeX/*"
}

@manual{em:dvidrv,
  author = "Eberhard Mattes",
  title = "The {\emTeX} DVI Driver Manual",
  year = 1993,
  month = Jun,
}

@manual{mw:pictex,
  author = "Michael J. Wichura",
  title = "The {\PiCTeX} Manual",
  year = 1992,
  month = mar,
  publisher = "The \TeX\ User's Group"
}

@unpublished{l3:project,
  author = "Frank Mittelbach and Chris Rowley",
  title = "The {\LaTeX}3 Project",
  year = 1993,
  month = apr,
  etext = "CTAN:info/ltx3pub/l3d001.tex"
}

@unpublished{FAQ:comp.text,
  author = "Chris Lewis and Nils-Peter Nelson",
  title  = "Frequently Asked Questions for {\texttt{comp.text}}",
  year   = 1993,
  month  = jun,
  etext  = "rtfm.mit.edu:/pub/usenet/comp.text.tex"
}

@unpublished{texware:tftopl,
  author = "Donald E. Knuth",
  title  = "The TF to PL Processor",
  howpublished = "Part of the {\web} distribution",
}

@unpublished{texware:vptovf,
  author = "Donald E. Knuth",
  title  = "The VP to VF Processor",
  howpublished = "Part of the {\web} distribution",
}

@unpublished{mfware:gftopk,
  author = "Donald E. Knuth",
  title  = "The GF to PK Processor",
  howpublished = "Part of the {\web} distribution",
}

@unpublished{texware:pltotf,
  author = "Donald E. Knuth",
  title  = "The PL to TF Processor",
  howpublished = "Part of the {\web} distribution",
}

@unpublished{texware:vftovp,
  author = "Donald E. Knuth",
  title  = "The VF to VP Processor",
  howpublished = "Part of the {\web} distribution",
}

@unpublished{gt:mfbeginners,
  author = "Geoffrey Tobin",
  title  = "METAFONT for Beginners",
  year   = 1992,
  month  = dec,
  etext  = "CTAN:info/metafont-for-beginners.tex"
}

@unpublished{zw:simple,
  author = "Zden\v{e}k Wagner",
  title  = "Simple Drawings in {\MF}",
  year   = "1993",
  etext  = "CTAN:info/wagner-drawing.tex"
}

@unpublished{lreq:metafonts,
  author = "Liam R. E. Quin",
  title = "Definitive List of All Fonts Available for {\MF}",
  year = 1991,
  month = sep,
  etext = "CTAN:info/metafonts.lst"
}

@Manual{mf:inrstexref,
  author = "Michael J. Ferguson",
  title = "{\INRSTeX} Manual",
  organization = "INRS Communications",
  year = "1991",
}

@Manual{pcl5:techref,
  title =  "PCL 5 Printer Language Technical Reference Manual",
  organization = "Hewlett Packard",
  year =   1990,
  month =  sep,
  edition = "First"
}

@Manual{type1:format,
  title = "Adobe Type 1 Font Format, version 1.1",
  organization = adobe,
  year = 1990,
  month = aug,
  Edition = "First"
}

@Manual{intellifont,
  title = "IntelliFont Scalable Typeface Format",
  organization = "Agfa Compugraphic Division",
  year = 1991,
  Month = apr,
  Edition = "First"
}

@unpublished{nfss,
  AUTHOR = "Frank Mittelbach and Rainer {Sch\"opf}",
  TITLE = "The New Font Selection Scheme---User Interface Standard to
  {\LaTeX}",
  YEAR = 1990,
  howpublished = "Part of the NFSS distribution"
}

@unpublished{nfss2interface,
  AUTHOR = "Frank Mittelbach",
  TITLE = "Interface description of NFSS2",
  YEAR = 1993,
  howpublished = "Part of the NFSS2 distribution"
}

@Techreport{psfonts,
  key = adobe,
  TITLE = "Supporting Downloadable PostScript Fonts",
  address = "Mountain View, CA",
  INSTITUTION = adobe,
  NUMBER = "5040",
  YEAR = 1988,
  MONTH = jan,
  etext = "CTAN:fonts/postscript/adobe/Documents/5040.Download_Fonts.ps"
}

@techreport{abffiles,
  key = adobe,
  TITLE = "Adobe Binary Screen Font Files",
  INSTITUTION = adobe,
  YEAR = 1989,
  MONTH = jan,
  NUMBER = 5006,
  etext = "CTAN:fonts/postscript/adobe/Documents/5006.ABF_Spec.ps"
}

@techreport{afmfiles,
  key = adobe,
  TITLE = "Adobe Font Metric Files",
  INSTITUTION = adobe,
  YEAR = 1990,
  MONTH = mar,
  NUMBER = 5004,
  etext = "CTAN:fonts/postscript/adobe/Documents/5004.AFM_Spec.ps"
}

@Techreport{macfond,
  key = adobe,
  TITLE = "Macintosh {FOND} Resources",
  INSTITUTION = adobe,
  NUMBER = "0091",
  YEAR = 1990,
  MONTH = jul,
  etext = "jasper.ora.com:/pub/AdobeDocs/Specifications/0091-FondResources.ps"
}

@techreport{bdffiles,
  key = adobe,
  TITLE = "Character Bitmap Distribution Format",
  INSTITUTION = adobe,
  YEAR = 1989,
  MONTH = jan,
  NUMBER = 5005,
  etext = "CTAN:fonts/postscript/adobe/Documents/5005.BDF_Spec.ps"
}

@unpublished{dvi:standard,
  key = "tug dvi driver standards committee",
  author = "{The TUG DVI Driver Standards Committee}",
  TITLE = "The DVI Driver Standard, Level 0 Version 0.05",
  INSTITUTION = "The {\TeX} User's Group",
  YEAR = 1991,
  MONTH = aug,
  etext = "jasper.ora.com:/pub/docs/DVI-Standard-level0/*"
}

@unpublished{faq:comp.text.tex,
  AUTHOR = "Bobby Bodenheimer",
  title = "{\TeX}, {\LaTeX}, etc.: Frequently Asked Questions with Answers",
  year = 1992,
  month = dec,
  etext = "rtfm.mit.edu:/pub/usenet/comp.text.tex/*"
}

@unpublished{faq:comp.fonts,
  AUTHOR = "Norman Walsh",
  title = "The {\texttt{comp.fonts}} Frequently Asked Questions List",
  year = 1992,
  month = dec,
  etext = "rtfm.mit.edu:/pub/usenet/comp.fonts/FAQ.*"
}

@unpublished{nw:fontbook,
  AUTHOR = "Norman Walsh",
  title = "Font Samples of Internet-Available PostScript Type1 Fonts",
  year = 1992,
  month = dec,
  etext = "jasper.ora.com:/pub/fontbook/*"
}

@unpublished{metapost,
  AUTHOR = "John D. Hobby",
  title = "A User's Manual for MetaPost",
  institution = "AT{\&}T Bell Laboratories",
  etext = "research.att.com:/pub/research/cstr/162.Z"
}

@ARTICLE{tug:10-2,
	AUTHOR = "Frank Mittelbach and Rainer {Sch\"opf}",
	TITLE = "A new font selection scheme for {\TeX} macro packages---the
                 basic macros",
	JOURNAL = "TUGboat",
	YEAR = 1989,
	MONTH = jul,
	NUMBER = 2,
	VOLUME = 10,
	PAGES = "222--238"
}

@ARTICLE{tug:vfonts:dek,
	AUTHOR = "Donald E. Knuth",
	TITLE = "Virtual Fonts: More fun for Grand Wizards",
	JOURNAL = "TUGboat",
	YEAR = 1990,
	MONTH = apr,
	NUMBER = 1,
	VOLUME = 11,
	PAGES = "13--23"
}

@ARTICLE{tug:gr-tex-pc:1,
	AUTHOR = "Lee S. Pickrell",
	TITLE = "Combining graphics with {\TeX} on IBM PC-compatible systems
	with LaserJet printers",
	JOURNAL = "TUGboat",
	YEAR = 1990,
	MONTH = apr,
	NUMBER = 1,
	VOLUME = 11,
	PAGES = "26--31"
}

@ARTICLE{tug:gr-tex-pc:2,
	AUTHOR = "Lee S. Pickrell",
	TITLE = "Combining graphics with {\TeX} on PC systems with laser
	printers, part II",
	JOURNAL = "TUGboat",
	YEAR = 1990,
	MONTH = jun,
	NUMBER = 2,
	VOLUME = 11,
	PAGES = "200--206"
}

@ARTICLE{tug:gr-tex-implementation,
	AUTHOR = "Gerhard Berendt",
	TITLE = "On the implementation of graphics into {\TeX}",
	JOURNAL = "TUGboat",
	YEAR = 1990,
	MONTH = jun,
	NUMBER = 2,
	VOLUME = 11,
	PAGES = "190--194"
}

@ARTICLE{tug:mac-graphics-latex,
	AUTHOR = "Len Schwer",
	TITLE = "Including Macintosh graphics in {\LaTeX} documents",
	JOURNAL = "TUGboat",
	YEAR = 1990,
	MONTH = jun,
	NUMBER = 2,
	VOLUME = 11,
	PAGES = "194--200"
}

@ARTICLE{tug:nfss-userinterface,
	AUTHOR = "Frank Mittelbach and Rainer {Sch\"opf}",
	TITLE = "The new font family selection---User Interface to
	Standard {\LaTeX}",
	JOURNAL = "TUGboat",
	YEAR = 1990,
	MONTH = jun,
	NUMBER = 1,
	VOLUME = 11,
	PAGES = "297--305",
        Note = "Reprinted with corrections in TUGboat 11:2."
}

@ARTICLE{tug:transfig,
	AUTHOR = "Micah Beck and A. Siegal",
	TITLE = "Transfig: Portable Graphics for {\TeX}",
	JOURNAL = "TUGboat",
	YEAR = 1990,
	MONTH = sep,
	NUMBER = 3,
	VOLUME = 11,
	PAGES = "373--380"
}

@ARTICLE{tug:vtex,
	AUTHOR = "Michael Vulis",
	TITLE = "V{\TeX} enhancements to the {\TeX} language",
	JOURNAL = "TUGboat",
	YEAR = 1990,
	MONTH = sep,
	NUMBER = 3,
	VOLUME = 11,
	PAGES = "429--435"
}

@ARTICLE{tug:filenames-fonts,
	AUTHOR = "Karl Berry",
	TITLE = "Filenames for Fonts",
	JOURNAL = "TUGboat",
	YEAR = 1990,
	MONTH = nov,
	NUMBER = 4,
	VOLUME = 11,
	PAGES = "517--520"
}

@ARTICLE{tug:gr-tex-bm2font,
	AUTHOR = "Friedhelm Sowa",
	TITLE = "Integration of graphics into {\TeX}",
	JOURNAL = "TUGboat",
	YEAR = 1991,
	MONTH = mar,
	NUMBER = 1,
	VOLUME = 12,
	PAGES = "58--63",
}

@ARTICLE{tug:halftoning,
	AUTHOR = "Adrian F. Clark",
	TITLE = "Practical halftoning in {\TeX}",
	JOURNAL = "TUGboat",
	YEAR = 1991,
	MONTH = mar,
	NUMBER = 1,
	VOLUME = 12,
	PAGES = "157--165",
}

@ARTICLE{tug:xbitmaps,
	AUTHOR = "Reinhard {F\"o\ss{}meier}",
	TITLE = "X bitmaps in {\TeX}",
	JOURNAL = "TUGboat",
	YEAR = 1991,
	MONTH = jun,
	NUMBER = 2,
	VOLUME = 12,
	PAGES = "229--232"
}

@ARTICLE{tug:bm2font2,
	AUTHOR = "Friedhelm Sowa",
	TITLE = "Bitmaps and halftones with BM2FONT",
	JOURNAL = "TUGboat",
	YEAR = 1991,
	MONTH = dec,
	NUMBER = 3,
	VOLUME = 12,
        PART = "II",
	PAGES = "534--539"
}

@unpublished{op:btxdoc,
	author = "Oren Patashnik",
	title = "{\BibTeX}ing",
	year = 1988,
	month = feb,
	etext = "CTAN:biblio/bibtex/distribs/doc/btxdoc.tex"
}

@unpublished{op:btxhak,
	author = "Oren Patashnik",
	title = "Designing {\BibTeX} Styles",
	year = 1988,
	month = feb,
	etext = "CTAN:biblio/bibtex/distribs/doc/btxhak.tex"
}
